<?xml version="1.0" encoding="UTF-8"?><collection xmlns="http://www.loc.gov/MARC21/slim"><record><leader>00417nam--2200133-i-4500</leader><controlfield tag="001">000017379</controlfield><controlfield tag="002">20161230</controlfield><controlfield tag="005">20161230201032</controlfield><controlfield tag="008">060222s1000------------r-----000-0-eng-d</controlfield><datafield ind1=" " ind2=" " tag="080"><subfield code="a">614.876:544.58(043)</subfield></datafield><datafield ind1=" " ind2=" " tag="100"><subfield code="a">Mihancea, Iosif</subfield></datafield><datafield ind1=" " ind2=" " tag="245"><subfield code="a">Contributii asupra interactiunii intre substante marcate cu deuteriu si organismul uman, teza</subfield></datafield><datafield ind1=" " ind2=" " tag="260"><subfield code="a">Bucuresti, Institutul De Fizica Atomica, 1998. 92 P</subfield></datafield><datafield ind1=" " ind2=" " tag="852"><subfield code="a">80903</subfield></datafield></record></collection>